<?xml version="1.0" encoding="UTF-8"?><collection xmlns="http://www.loc.gov/MARC21/slim"><record><leader>00457nam--2200133-i-4500</leader><controlfield tag="001">000013741</controlfield><controlfield tag="002">20161230</controlfield><controlfield tag="005">20161230201030</controlfield><controlfield tag="008">060222s1000------------r-----000-0-eng-d</controlfield><datafield ind1=" " ind2=" " tag="245"><subfield code="a">Diamond-anvil pressure cell for x-ray diffraction with ssd and pspc system</subfield></datafield><datafield ind1=" " ind2=" " tag="260"><subfield code="a">Tokyo, Institute For Solid State Physics, 1979</subfield></datafield><datafield ind1=" " ind2=" " tag="490"><subfield code="a">Technical Report Of Issp Ser.Anr.973</subfield></datafield><datafield ind1=" " ind2=" " tag="700"><subfield code="a">Takemura, Ken-ichi., Shimomura, Osamu /S.A.</subfield></datafield><datafield ind1=" " ind2=" " tag="852"><subfield code="a">621.923.02:539.26(047.3)</subfield></datafield></record></collection>